@ARTICLE{test,
       author = {{Allakhverdiev}, A.~O. and {Amnuel}, P.~R. and {Guseinov}, O. Kh. and
         {Kasumov}, F.~K.},
        title = "{}",
      journal = {\apss},
     keywords = {},
         year = 1983,
        month = dec,
       volume = {97},
       number = {2},
        pages = {261-285},
          doi = {10.1007/BF00653486},
       adsurl = {https://ui.adsabs.harvard.edu/abs/1983Ap&SS..97..261A},
      adsnote = {Provided by the SAO/NASA Astrophysics Data System}
}
